

@book{silver2012signal,
  title={The signal and the noise: the art and science of prediction},
  author={Silver, Nate},
  year={2012},
  publisher={Penguin UK}
}


@book{leamer1978specification,
  title={Specification searches: Ad hoc inference with nonexperimental data},
  author={Leamer, Edward E},
  volume={53},
  year={1978},
  publisher={John Wiley \& Sons Incorporated}
}


@article{aivaz2008,
  title={Байесовский подход в эконометрическом анализе},
  author={Айвазян, Сергей Артемьевич},
  journal={Прикладная эконометрика},
  number={1},
  year={2008},
  publisher={Общество с ограниченной ответственностью {\guillemotleft}Синергия ПРЕСС{\guillemotright}}
}
